<record><leader>00000cas a22000007a 4500</leader><controlfield tag="001">21163266</controlfield><controlfield tag="008">900302d19461946mnuwr ne      0    0eng d</controlfield><datafield ind1=" " ind2=" " tag="010"><subfield code="a">sn 90059104 </subfield></datafield><datafield ind1=" " ind2=" " tag="040"><subfield code="a">MN#</subfield><subfield code="b">eng</subfield><subfield code="c">MN#</subfield><subfield code="d">OCLCQ</subfield><subfield code="d">OCLCF</subfield><subfield code="d">OCLCO</subfield></datafield><datafield ind1=" " ind2=" " tag="042"><subfield code="a">msc</subfield></datafield><datafield ind1=" " ind2=" " tag="043"><subfield code="a">n-us-mn</subfield></datafield><datafield ind1=" " ind2=" " tag="052"><subfield code="a">4144</subfield><subfield code="b">R77</subfield></datafield><datafield ind1=" " ind2=" " tag="052"><subfield code="a">4143</subfield><subfield code="b">R8</subfield></datafield><datafield ind1="0" ind2="4" tag="245"><subfield code="a">The Roseau forum.</subfield></datafield><datafield ind1=" " ind2=" " tag="260"><subfield code="a">Roseau, Roseau County, Minn. :</subfield><subfield code="b">Roseau Forum,</subfield><subfield code="c">1946.</subfield></datafield><datafield ind1=" " ind2=" " tag="300"><subfield code="a">1 v.</subfield></datafield><datafield ind1=" " ind2=" " tag="310"><subfield code="a">Weekly</subfield></datafield><datafield ind1="0" ind2=" " tag="362"><subfield code="a">Vol. 15, no. 19 (May 15, 1946)-v. 15, no. 51 (Dec. 26, 1946).</subfield></datafield><datafield ind1=" " ind2=" " tag="530"><subfield code="a">Available on microfilm from the Minnesota Historical Society.</subfield></datafield><datafield ind1=" " ind2="0" tag="651"><subfield code="a">Roseau (Minn.)</subfield><subfield code="v">Newspapers.</subfield></datafield><datafield ind1=" " ind2="7" tag="655"><subfield code="a">Newspapers.</subfield><subfield code="2">fast</subfield><subfield code="0">(OCoLC)fst01423814</subfield></datafield><datafield ind1=" " ind2="7" tag="651"><subfield code="a">Minnesota</subfield><subfield code="z">Roseau.</subfield><subfield code="2">fast</subfield><subfield code="0">(OCoLC)fst01246455</subfield></datafield><datafield ind1=" " ind2=" " tag="752"><subfield code="a">United States</subfield><subfield code="b">Minnesota</subfield><subfield code="c">Roseau</subfield><subfield code="d">Roseau.</subfield></datafield><datafield ind1="0" ind2="0" tag="780"><subfield code="t">Roseau forum and northern Minnesota leader</subfield><subfield code="w">(DLC)sn 90059103</subfield></datafield><datafield ind1="0" ind2="4" tag="785"><subfield code="t">Roseau times-region</subfield><subfield code="w">(DLC)sn 90059223</subfield></datafield></record>